@article{owen2007infinitely,
  title={Infinitely imbalanced logistic regression},
  author={Owen, A.B.},
  journal={The Journal of Machine Learning Research},
  volume={8},
  pages={761--773},
  year={2007},
  publisher={JMLR. org}
}

@article{LARS,
  title={Least angle regression},
  author={Efron, B. and Hastie, T. and Johnstone, I. and Tibshirani, R.},
  journal={The Annals of statistics},
  volume={32},
  number={2},
  pages={407--499},
  year={2004},
  publisher={Institute of Mathematical Statistics}
}

@article{VIFRegression,
  title={VIF regression: A fast regression algorithm for large data},
  author={Lin, D. and Foster, D.P. and Ungar, L.H.},
  journal={Journal of the American Statistical Association},
  volume={106},
  number={493},
  pages={232--247},
  year={2011},
  publisher={ASA}
}

@book{agresti,
  title={Categorical Data Analysis},
  author={Agresti, A.},
  publisher={New York: John Wiley and Sons},
  year={2002}
}

@article{bottou2008tradeoffs,
  title={The tradeoffs of large scale learning},
  author={Bottou, L. and Bousquet, O.},
  journal={Advances in neural information processing systems},
  volume={20},
  pages={161--168},
  year={2008},
  publisher={Cambridge, MA: MIT Press}
}

@article{bartlett2006convexity,
  title={Convexity, classification, and risk bounds},
  author={Bartlett, P.L. and Jordan, M.I. and McAuliffe, J.D.},
  journal={Journal of the American Statistical Association},
  volume={101},
  number={473},
  pages={138--156},
  year={2006},
  publisher={ASA}
}

@inproceedings{le2004large,
  title={Large Scale Online Learning.},
  author={Le Cun, L.B.Y.},
  booktitle={Advances in neural information processing systems 16: proceedings of the 2003 conference},
  volume={16},
  pages={217},
  year={2004},
  organization={The MIT Press}
}

@inproceedings{massart2000some,
  title={Some applications of concentration inequalities to statistics},
  author={Massart, P.},
  booktitle={ANNALES-FACULTE DES SCIENCES TOULOUSE MATHEMATIQUES},
  volume={9},
  number={2},
  pages={245--303},
  year={2000},
  organization={Universit{\'e} Paul Sabatier}
}

@article{murata1998statistical,
  title={A statistical study of on-line learning},
  author={Murata, N.},
  journal={Online Learning and Neural Networks. Cambridge University Press, Cambridge, UK},
  year={1998}
}


@article{horvitz1952generalization,
  title={A generalization of sampling without replacement from a finite universe},
  author={Horvitz, Daniel G and Thompson, Donovan J},
  journal={Journal of the American Statistical Association},
  volume={47},
  number={260},
  pages={663--685},
  year={1952},
  publisher={Taylor \& Francis Group}
}

@book{huber2011robust,
  title={Robust statistics},
  author={Huber, Peter J},
  year={2011},
  publisher={Springer}
}

%ECOLOGY

@article {RoyleEtAlWillowTit,
author = {Royle, J. Andrew and Nichols, James D. and K\'{e}ry, Marc},
title = {Modelling occurrence and abundance of species when detection is imperfect},
journal = {Oikos},
volume = {110},
number = {2},
publisher = {Munksgaard International Publishers},
issn = {1600-0706},
url = {http://dx.doi.org/10.1111/j.0030-1299.2005.13534.x},
doi = {10.1111/j.0030-1299.2005.13534.x},
pages = {353--359},
year = {2005},
}


@book {gaetan2009spatial,
  title={Spatial statistics and modeling},
  author={Gaetan, C. and Guyon, X.},
  year={2009},
  publisher={Springer Verlag}
}

@article {WartonIPP,
  title={Poisson point process models solve the "pseudo-absence problem" for presence-only data in ecology},
  author={Warton, D.I. and Shepherd, L.C.},
  journal={The Annals of Applied Statistics},
  volume={4},
  number={3},
  pages={1383--1402},
  year={2010},
  publisher={Institute of Mathematical Statistics}
}

@inproceedings {Phillipsetal2004,
  title={A maximum entropy approach to species distribution modeling},
  author={Phillips, S.J. and Dud{\'\i}k, M. and Schapire, R.E.},
  booktitle={Proceedings of the Twenty-First International Conference on Machine Learning},
  pages={83},
  year={2004},
  organization={ACM}
}

@article {AartsIPP,
  title={Comparative interpretation of count, presence--absence and point methods for species distribution models},
  author={Aarts, G. and Fieberg, J. and Matthiopoulos, J.},
  journal={Methods in Ecology and Evolution},
  volume={3},
  number={1},
  pages={177--187},
  year={2012},
  publisher={Wiley Online Library}
}

@article{renner2013equivalence,
  title={Equivalence of MAXENT and poisson point process models for species distribution modeling in ecology},
  author={Renner, Ian W and Warton, David I},
  journal={Biometrics},
  year={2013},
  publisher={Wiley Online Library}
}

@article {Phillipsetal2006,
  title={Maximum entropy modeling of species geographic distributions},
  author={Phillips, S.J. and Anderson, R.P. and Schapire, R.E.},
  journal={Ecological Modelling},
  volume={190},
  number={3},
  pages={231--259},
  year={2006},
  publisher={Elsevier}
}

@article {Phillipsetal2008,
  title={Modeling of species distributions with Maxent: new extensions and a comprehensive evaluation},
  author={Phillips, S.J. and Dud{\'\i}k, M.},
  journal={Ecography},
  volume={31},
  number={2},
  pages={161--175},
  year={2008},
  publisher={Wiley Online Library}
}

@article{ward2009em,
  title={Presence-only data and the EM algorithm},
  author={Ward, G. and Hastie, T. and Barry, S. and Elith, J. and Leathwick, J.R.},
  journal={Biometrics},
  volume={65},
  number={2},
  pages={554--563},
  year={2009},
  publisher={Wiley Online Library}
}

@article{me2012local,
  title={Local Case-Control Sampling},
  author={Fithian, W. and Hastie, T.},
  year={2012}
}

@article{phillips2009sample,
  title={Sample selection bias and presence-only distribution models: implications for background and pseudo-absence data},
  author={Phillips, S.J. and Dud{\'\i}k, M. and Elith, J. and Graham, C.H. and Lehmann, A. and Leathwick, J. and Ferrier, S.},
  journal={Ecological Applications},
  volume={19},
  number={1},
  pages={181--197},
  year={2009},
  publisher={Eco Soc America}
}

@article{hefley2013nondetection,
  title={Nondetection sampling bias in marked presence-only data},
  author={Hefley, Trevor J and Tyre, Andrew J and Baasch, David M and Blankenship, Erin E},
  journal={Ecology and Evolution},
  year={2013},
  publisher={Wiley Online Library}
}

@book{ESL,
  title={The elements of statistical learning},
  author={Hastie, T. and Tibshirani, R. and Friedman, J.},
  year={2009},
  publisher={Springer Series in Statistics}
}

@article{royle2012maxlike,
  title={Likelihood analysis of species occurrence probability from presence-only data for modelling species distributions},
  author={Royle, J.A. and Chandler, R.B. and Yackulic, C. and Nichols, J.D.},
  journal={Methods in Ecology and Evolution},
  year={2012},
  publisher={Wiley Online Library}
}

@book{cressie1993,
  title={Statistics for Spatial Data, revised edition},
  author={Cressie, N.A.C.},
  volume={928},
  year={1993},
  publisher={Wiley, New York}
}

@article{baddeley2000practical,
  title={Practical maximum pseudolikelihood for spatial point patterns},
  author={Baddeley, Adrian and Turner, Rolf},
  journal={Australian \& New Zealand Journal of Statistics},
  volume={42},
  number={3},
  pages={283--322},
  year={2000},
  publisher={Wiley Online Library}
}

@article{warton2013model,
  title={Model-Based Control of Observer Bias for the Analysis of Presence-Only Data in Ecology},
  author={Warton, David I and Renner, Ian W and Ramp, Daniel},
  journal={PloS one},
  volume={8},
  number={11},
  pages={e79168},
  year={2013},
  publisher={Public Library of Science}
}

@article{baddeley2010spatial,
  title={Spatial logistic regression and change-of-support in Poisson point processes},
  author={Baddeley, A and Berman, M and Fisher, NI and Hardegen, A and Milne, RK and Schuhmacher, D and Shah, R and Turner, R},
  journal={Electronic Journal of Statistics},
  volume={4},
  pages={1151--1201},
  year={2010},
  publisher={Institute of Mathematical Statistics}
}

@article{lele2006weighted,
  title={Weighted distributions and estimation of resource selection probability functions},
  author={Lele, Subhash R and Keim, Jonah L},
  journal={Ecology},
  volume={87},
  number={12},
  pages={3021--3028},
  year={2006},
  publisher={Eco Soc America}
}

@article{chakraborty2011point,
  title={Point pattern modelling for degraded presence-only data over large regions},
  author={Chakraborty, Avishek and Gelfand, Alan E and Wilson, Adam M and Latimer, Andrew M and Silander, John A},
  journal={Journal of the Royal Statistical Society: Series C (Applied Statistics)},
  volume={60},
  number={5},
  pages={757--776},
  year={2011},
  publisher={Wiley Online Library}
}

@article{margules1994biological,
  title={Biological Models for Monitoring Species Decline: The Construction and Use of Data Bases [and Discussion]},
  author={Margules, CR and Austin, MP and Mollison, D. and Smith, F.},
  journal={Philosophical Transactions of the Royal Society of London. Series B: Biological Sciences},
  volume={344},
  number={1307},
  pages={69--75},
  year={1994},
  publisher={The Royal Society}
}


@article{berman1992,
  title={Approximating point process likelihoods with GLIM},
  author={Berman, M. and Turner, T.R.},
  journal={Applied Statistics},
  pages={31--38},
  year={1992},
  publisher={JSTOR}
}

@article{elith2011statistical,
  title={A statistical explanation of MaxEnt for ecologists},
  author={Elith, J. and Phillips, S.J. and Hastie, T. and Dud{\'\i}k, M. and Chee, Y.E. and Yates, C.J.},
  journal={Diversity and Distributions},
  year={2011},
  publisher={Wiley Online Library}
}


@article{elith2006novel,
  title={Novel methods improve prediction of species' distributions from occurrence data},
  author={Elith, J. and Graham, C.H. and Anderson, R.P. and Dudik, M. and Ferrier, S. and Guisan, A. and Hijmans, R.J. and Huettmann, F. and Leathwick, J.R. and Lehmann, A. and others},
  journal={Ecography},
  volume={29},
  number={2},
  pages={129--151},
  year={2006},
  publisher={Wiley Online Library}
}


@book{manly2002resource,
  title={Resource selection by animals: statistical analysis and design for field studies},
  author={Manly, BFJ and McDonald, LL and Thomas, DL and McDonald, TL and Erickson, WP},
  publisher={Nordrecht, Netherlands: Kluwer},
  year={2002}
}

@article{dorazio2012predicting,
  title={Predicting the Geographic Distribution of a Species from Presence-Only Data Subject to Detection Errors},
  author={Dorazio, Robert M},
  journal={Biometrics},
  volume={68},
  number={4},
  pages={1303--1312},
  year={2012},
  publisher={Wiley Online Library}
}

@article{lee2006fitting,
  title={Fitting binary regression models with case-augmented samples},
  author={Lee, AJ and Scott, AJ and Wild, CJ},
  journal={Biometrika},
  volume={93},
  number={2},
  pages={385--397},
  year={2006},
  publisher={Biometrika Trust}
}

@book{mackenzie2006occupancy,
  title={Occupancy estimation and modeling: inferring patterns and dynamics of species occurrence},
  author={MacKenzie, Darryl I},
  year={2006},
  publisher={Academic Press}
}

@article{phillips2009sample,
  title={Sample selection bias and presence-only distribution models: implications for background and pseudo-absence data},
  author={Phillips, Steven J and Dud{\'\i}k, Miroslav and Elith, Jane and Graham, Catherine H and Lehmann, Anthony and Leathwick, John and Ferrier, Simon},
  journal={Ecological Applications},
  volume={19},
  number={1},
  pages={181--197},
  year={2009},
  publisher={Eco Soc America}
}

@article{phillips2013estimating,
  title={On estimating probability of presence from use-availability or presence-background data},
  author={Phillips, Steven J and Elith, Jane},
  journal={Ecology},
  year={2013},
  publisher={Eco Soc America}
}

@article{johnson2006resource,
  title={Resource selection functions based on use-availability data: theoretical motivation and evaluation methods},
  author={Johnson, Chris J and Nielsen, Scott E and Merrill, Evelyn H and McDonald, Trent L and Boyce, Mark S},
  journal={Journal of Wildlife Management},
  volume={70},
  number={2},
  pages={347--357},
  year={2006},
  publisher={BioOne}
}

@article{fithian2013finite,
  title={Finite-sample equivalence in statistical models for presence-only data},
  author={Fithian, William and Hastie, Trevor},
  journal={The Annals of Applied Statistics},
  volume={7},
  number={4},
  pages={1917--1939},
  year={2013},
  publisher={Institute of Mathematical Statistics}
}

@article{fithian2013local,
  title={Local Case-Control Sampling: Efficient Subsampling in Imbalanced Data Sets},
  author={Fithian, William and Hastie, Trevor},
  journal={arXiv preprint arXiv:1306.3706},
  year={2013}
}

@article{hastie2013inference,
  title={Inference from presence-only data; the ongoing controversy},
  author={Hastie, Trevor and Fithian, Will},
  journal={Ecography},
  volume={36},
  number={8},
  pages={864--867},
  year={2013},
  publisher={Wiley Online Library}
}

@article{lancaster1996case,
  title={Case-control studies with contaminated controls},
  author={Lancaster, Tony and Imbens, Guido},
  journal={Journal of Econometrics},
  volume={71},
  number={1},
  pages={145--160},
  year={1996},
  publisher={Elsevier}
}

% Stats 318 project



@book{andersen1973conditional,
  title={Conditional inference and models for measuring},
  author={Andersen, Erling B},
  volume={5},
  year={1973},
  publisher={Mentalhygiejnisk forlag}
}

@article{cox1975partial,
  title={Partial likelihood},
  author={Cox, David R},
  journal={Biometrika},
  volume={62},
  number={2},
  pages={269--276},
  year={1975},
  publisher={Biometrika Trust}
}

@article{geyer1992constrained,
  title={Constrained Monte Carlo maximum likelihood for dependent data},
  author={Geyer, Charles J and Thompson, Elizabeth A},
  journal={Journal of the Royal Statistical Society. Series B (Methodological)},
  pages={657--699},
  year={1992},
  publisher={JSTOR}
}

@article{chen1997statistical,
  title={Statistical applications of the Poisson-binomial and conditional Bernoulli distributions},
  author={Chen, Sean X and Liu, Jun S},
  journal={Statistica Sinica},
  volume={7},
  pages={875--892},
  year={1997}
}


@article{chen1994weighted,
  title={Weighted finite population sampling to maximize entropy},
  author={Chen, Xiang-Hui and Dempster, Arthur P and Liu, Jun S},
  journal={Biometrika},
  volume={81},
  number={3},
  pages={457--469},
  year={1994},
  publisher={Biometrika Trust}
}

% LCC paper

@book{breslow1980statistical,
  title={Statistical methods in cancer research. Vol. 1. The analysis of case-control studies.},
  author={Breslow, Norman E and Day, Nicholas E and others},
  volume={1},
  number={32},
  year={1980},
  publisher={Distributed for IARC by WHO, Geneva, Switzerland}
}

@article{mantel1959statistical,
  title={Statistical Aspects of the Analysis of Data From Retrospective Studies of Disease},
  author={Mantel, Nathan and Haenszel, William},
  journal={Journal of the National Cancer Institute},
  volume={22},
  number={4},
  pages={719--748},
  year={1959},
  publisher={Oxford University Press}
}

@article{chawla2004editorial,
  title={Editorial: special issue on learning from imbalanced data sets},
  author={Chawla, Nitesh V and Japkowicz, Nathalie and Kotcz, Aleksander},
  journal={ACM SIGKDD Explorations Newsletter},
  volume={6},
  number={1},
  pages={1--6},
  year={2004},
  publisher={ACM}
}

@article{he2009learning,
  title={Learning from imbalanced data},
  author={He, Haibo and Garcia, Edwardo A},
  journal={Knowledge and Data Engineering, IEEE Transactions on},
  volume={21},
  number={9},
  pages={1263--1284},
  year={2009},
  publisher={IEEE}
}

@inproceedings{mani2003knn,
  title={kNN approach to unbalanced data distributions: a case study involving information extraction},
  author={Mani, Inderjeet and Zhang, I},
  booktitle={Proceedings of Workshop on Learning from Imbalanced Datasets},
  year={2003}
}


@article{breslow1988logistic,
  title={Logistic regression for two-stage case-control data},
  author={Breslow, NE and Cain, KC},
  journal={Biometrika},
  volume={75},
  number={1},
  pages={11--20},
  year={1988},
  publisher={Biometrika Trust}
}

@article{weinberg1990design,
  title={The design and analysis of case-control studies with biased sampling},
  author={Weinberg, Clarice R and Wacholder, Sholom},
  journal={Biometrics},
  pages={963--975},
  year={1990},
  publisher={JSTOR}
}

@article{friedman2000additive,
  title={Additive logistic regression: a statistical view of boosting (With discussion and a rejoinder by the authors)},
  author={Friedman, Jerome and Hastie, Trevor and Tibshirani, Robert},
  journal={The annals of statistics},
  volume={28},
  number={2},
  pages={337--407},
  year={2000},
  publisher={Institute of Mathematical Statistics}
}


@article{freund1997decision,
  title={A decision-theoretic generalization of on-line learning and an application to boosting},
  author={Freund, Yoav and Schapire, Robert E},
  journal={Journal of computer and system sciences},
  volume={55},
  number={1},
  pages={119--139},
  year={1997},
  publisher={Elsevier}
}


@inproceedings{webb2006introducing,
  title={Introducing the webb spam corpus: Using email spam to identify web spam automatically},
  author={Webb, Steve and Caverlee, James and Pu, Calton},
  booktitle={Proceedings of the Third Conference on Email and Anti-Spam (CEAS)},
  year={2006}
}

@article{weiss2004mining,
  title={Mining with rarity: a unifying framework},
  author={Weiss, Gary M},
  journal={ACM SIGKDD Explorations Newsletter},
  volume={6},
  number={1},
  pages={7--19},
  year={2004},
  publisher={ACM}
}


@article{scott1991fitting,
  title={Fitting logistic regression models in stratified case-control studies},
  author={Scott, AJ and Wild, CJ},
  journal={Biometrics},
  pages={497--510},
  year={1991},
  publisher={JSTOR}
}

@article{fears1986logistic,
  title={Logistic regression methods for retrospective case-control studies using complex sampling procedures},
  author={Fears, Thomas R and Brown, Charles C},
  journal={Biometrics},
  pages={955--960},
  year={1986},
  publisher={JSTOR}
}


@article{scott1997fitting,
  title={Fitting regression models to case-control data by maximum likelihood},
  author={Scott, Alastair J and Wild, Chris J},
  journal={Biometrika},
  volume={84},
  number={1},
  pages={57--71},
  year={1997},
  publisher={Biometrika Trust}
}

@article{scott1986fitting,
  title={Fitting logistic models under case-control or choice based sampling},
  author={Scott, Alastair J and Wild, CJ},
  journal={Journal of the Royal Statistical Society. Series B (Methodological)},
  pages={170--182},
  year={1986},
  publisher={JSTOR}
}

@article{scott2002robustness,
  title={On the robustness of weighted methods for fitting models to case--control data},
  author={Scott, Alastair and Wild, Chris},
  journal={Journal of the Royal Statistical Society: Series B (Statistical Methodology)},
  volume={64},
  number={2},
  pages={207--219},
  year={2002},
  publisher={Wiley Online Library}
}

@article{lumley2011connections,
  title={Connections between survey calibration estimators and semiparametric models for incomplete data},
  author={Lumley, Thomas and Shaw, Pamela A and Dai, James Y},
  journal={International Statistical Review},
  volume={79},
  number={2},
  pages={200--220},
  year={2011},
  publisher={Wiley Online Library}
}


@article{manski1989estimation,
  title={Estimation of best predictors of binary response},
  author={Manski, Charles F and Thompson, T Scott},
  journal={Journal of Econometrics},
  volume={40},
  number={1},
  pages={97--123},
  year={1989},
  publisher={Elsevier}
}

@article{xie1989logit,
  title={The logit model and response-based samples},
  author={Xie, Yu and Manski, Charles F},
  journal={Sociological Methods \& Research},
  volume={17},
  number={3},
  pages={283--302},
  year={1989},
  publisher={Sage Publications}
}

@article{prentice1979logistic,
  title={Logistic disease incidence models and case-control studies},
  author={Prentice, Ross L and Pyke, Ronald},
  journal={Biometrika},
  volume={66},
  number={3},
  pages={403--411},
  year={1979},
  publisher={Biometrika Trust}
}

@article{anderson1972separate,
  title={Separate sample logistic discrimination},
  author={Anderson, James A},
  journal={Biometrika},
  volume={59},
  number={1},
  pages={19--35},
  year={1972},
  publisher={Biometrika Trust}
}


%% Matrix Completion / Dimension Reduction

@book{mardia1980multivariate,
  title={Multivariate analysis},
  author={Mardia, Kantilal Varichand and Kent, John T and Bibby, John M},
  year={1980},
  publisher={Academic press}
}

@book{benzecri1973analyse,
  title={L'analyse des donn{\'e}es: l'analyse des correspondances},
  author={Benz{\'e}cri, Jean-Paul},
  volume={2},
  year={1973},
  publisher={Dunod}
}

@phdthesis{srebro2004learning,
  title={Learning with Matrix Factorizations},
  author={Srebro, Nathan},
  year={2004},
  school={Massachusetts Institute of Technology}
}

@inproceedings{angst2011generalized,
  title={The generalized trace-norm and its application to structure-from-motion problems},
  author={Angst, Roland and Zach, Christopher and Pollefeys, Marc},
  booktitle={Computer Vision (ICCV), 2011 IEEE International Conference on},
  pages={2502--2509},
  year={2011},
  organization={IEEE}
}

@article{bach2008consistency,
  title={Consistency of trace norm minimization},
  author={Bach, Francis R},
  journal={The Journal of Machine Learning Research},
  volume={9},
  pages={1019--1048},
  year={2008},
  publisher={JMLR. org}
}

@article{abernethy2009new,
  title={A new approach to collaborative filtering: Operator estimation with spectral regularization},
  author={Abernethy, Jacob and Bach, Francis and Evgeniou, Theodoros and Vert, Jean-Philippe},
  journal={The Journal of Machine Learning Research},
  volume={10},
  pages={803--826},
  year={2009},
  publisher={JMLR. org}
}


@article{salakhutdinov2008probabilistic,
  title={Probabilistic matrix factorization},
  author={Salakhutdinov, Ruslan and Mnih, Andriy},
  journal={Advances in neural information processing systems},
  volume={20},
  pages={1257--1264},
  year={2008}
}

@inproceedings{agarwal2009regression,
  title={Regression-based latent factor models},
  author={Agarwal, Deepak and Chen, Bee-Chung},
  booktitle={Proceedings of the 15th ACM SIGKDD international conference on Knowledge discovery and data mining},
  pages={19--28},
  year={2009},
  organization={ACM}
}

@inproceedings{collins2001generalization,
  title={A generalization of principal component analysis to the exponential family},
  author={Collins, Michael and Dasgupta, Sanjoy and Schapire, Robert E},
  booktitle={NIPS 2001},
  year={2001}
}

@inproceedings{menon2010log,
  title={A log-linear model with latent features for dyadic prediction},
  author={Menon, Aditya Krishna and Elkan, Charles},
  booktitle={Data Mining (ICDM), 2010 IEEE 10th International Conference on},
  pages={364--373},
  year={2010},
  organization={IEEE}
}

@article{salakhutdinov2010collaborative,
  title={Collaborative filtering in a non-uniform world: Learning with the weighted trace norm},
  author={Salakhutdinov, Ruslan and Srebro, Nathan},
  journal={arXiv preprint arXiv:1002.2780},
  year={2010}
}

@article{rahul2013unpublished,
  title={Warm-Started Singular Value Decompositions and the Nuclear Norm},
  author={Mazumder, Rahul and Hastie, Trevor},
  journal={Unpublished manuscript},
  year={2013}
}


@article{srebro2005maximum,
  title={Maximum-margin matrix factorization},
  author={Srebro, Nathan and Rennie, Jason DM and Jaakkola, Tommi},
  journal={Advances in neural information processing systems},
  volume={17},
  number={5},
  pages={1329--1336},
  year={2005},
  publisher={Citeseer}
}


@phdthesis{fazel2002matrix,
  title={Matrix rank minimization with applications},
  author={Fazel, Maryam},
  year={2002},
  school={PhD thesis, Stanford University}
}

%% FDA
@article{james2003clustering,
  title={Clustering for sparsely sampled functional data},
  author={James, Gareth M and Sugar, Catherine A},
  journal={Journal of the American Statistical Association},
  volume={98},
  number={462},
  pages={397--408},
  year={2003},
  publisher={American Statistical Association}
}

@article{yao2005functional,
  title={Functional data analysis for sparse longitudinal data},
  author={Yao, Fang and M{\"u}ller, Hans-Georg and Wang, Jane-Ling},
  journal={Journal of the American Statistical Association},
  volume={100},
  number={470},
  pages={577--590},
  year={2005},
  publisher={Taylor \& Francis}
}



@article{james2000principal,
  title={Principal component models for sparse functional data},
  author={James, Gareth M and Hastie, Trevor J and Sugar, Catherine A},
  journal={Biometrika},
  volume={87},
  number={3},
  pages={587--602},
  year={2000},
  publisher={Biometrika Trust}
}

@article{hastie1995penalized,
  title={Penalized discriminant analysis},
  author={Hastie, Trevor and Buja, Andreas and Tibshirani, Robert},
  journal={The Annals of Statistics},
  pages={73--102},
  year={1995},
  publisher={JSTOR}
}

@article{martin2002dynamic,
  title={Dynamic ideal point estimation via Markov chain Monte Carlo for the US Supreme Court, 1953--1999},
  author={Martin, Andrew D and Quinn, Kevin M},
  journal={Political Analysis},
  volume={10},
  number={2},
  pages={134--153},
  year={2002},
  publisher={SPM-PMSAPSA}
}

@article{candes2009robust,
  title={Robust principal component analysis?},
  author={Cand{\`e}s, Emmanuel J and Li, Xiaodong and Ma, Yi and Wright, John},
  journal={arXiv preprint arXiv:0912.3599},
  year={2009}
}

@article{yee2003reduced,
  title={Reduced-rank vector generalized linear models},
  author={Yee, Thomas W and Hastie, Trevor J},
  journal={Statistical modelling},
  volume={3},
  number={1},
  pages={15--41},
  year={2003},
  publisher={SAGE Publications}
}

@article{mazumder2010spectral,
  title={Spectral regularization algorithms for learning large incomplete matrices},
  author={Mazumder, Rahul and Hastie, Trevor and Tibshirani, Robert},
  journal={The Journal of Machine Learning Research},
  volume={99},
  pages={2287--2322},
  year={2010},
  publisher={MIT Press}
}

@article{argyriou2008convex,
  title={Convex multi-task feature learning},
  author={Argyriou, Andreas and Evgeniou, Theodoros and Pontil, Massimiliano},
  journal={Machine Learning},
  volume={73},
  number={3},
  pages={243--272},
  year={2008},
  publisher={Springer}
}


@article{Jaggi:2010tz,
    author = {Jaggi, Martin and Sulovsk{\'{y}}, Marek},
    citeulike-article-id = {9502074},
    citeulike-linkout-0 = {http://www.icml2010.org/papers/196.pdf},
    journal = {ICML 2010: Proceedings of the 27th international conference on Machine learning},
    posted-at = {2011-07-04 10:29:20},
    priority = {2},
    title = {{A Simple Algorithm for Nuclear Norm Regularized Problems}},
    url = {http://www.icml2010.org/papers/196.pdf},
    year = {2010}
}

@article{tfocs,
year={2011},
issn={1867-2949},
journal={Mathematical Programming Computation},
volume={3},
number={3},
doi={10.1007/s12532-011-0029-5},
title={Templates for convex cone problems with applications to sparse signal recovery},
url={http://dx.doi.org/10.1007/s12532-011-0029-5},
publisher={Springer-Verlag},
keywords={Optimal first-order methods; Nesterov’s accelerated descent algorithms; Proximal algorithms; Conic duality; Smoothing by conjugation; The Dantzig selector; The LASSO; Nuclear-norm minimization; 90C05; 90C06; 90C25; 62J077},
author={Becker, StephenR. and Candès, EmmanuelJ. and Grant, MichaelC.},
pages={165-218},
language={English}
}


@inproceedings{ICML2013_jaggi13,
    Publisher = {JMLR Workshop and Conference Proceedings},
    Author = {Martin Jaggi},
    Url = {http://jmlr.csail.mit.edu/proceedings/papers/v28/jaggi13.pdf},
    Abstract = {We provide stronger and more general primal-dual convergence results for Frank-Wolfe-type algorithms (a.k.a. conditional gradient) for constrained convex optimization, enabled by a simple framework of duality gap certificates. Our analysis also holds if the linear subproblems are only solved approximately (as well as if the gradients are inexact), and is proven to be worst-case optimal in the sparsity of the obtained solutions. On the application side, this allows us to unify a large variety of existing sparse greedy methods, in particular for optimization over convex hulls of an atomic set, even if those sets can only be approximated, including sparse (or structured sparse) vectors or matrices, low-rank matrices, permutation matrices, or max-norm bounded matrices. We present a new general framework for convex optimization over matrix factorizations, where every Frank-Wolfe iteration will consist of a low-rank update, and discuss the broad application areas of this approach.},
    Title = {Revisiting {Frank-Wolfe}: Projection-Free Sparse Convex Optimization},
    Number = {1},
    Volume = {28},
    Editor = {Sanjoy Dasgupta and David Mcallester},
    Year = {2013},
    Booktitle = {Proceedings of the 30th International Conference on Machine Learning (ICML-13)},
    Pages = {427-435}
   }

@techreport{nest-07,
	Author = {Y. Nesterov},
	Institution = {Center for Operations Research and Econometrics (CORE), Catholic University of Louvain},
	Note = {Tech. Rep, 76},
	Title = {Gradient methods for minimizing composite objective function},
	Year = {2007}}
@article{nest_03,
	Author = {Nesterov, Y.},
	Journal = {Kluwer, Boston},
	Title = {Introductory lectures on convex optimization: Basic course},
	Year = {2003}}
@book{GVL83,
	Author = {G. Golub and C. {Van Loan}},
	Publisher = {Johns Hopkins University Press, Baltimore.},
	Title = {Matrix Computations},
	Year = {1983}}









%% Selective inference

@book{tukey1994collected,
title={The collected works of John W. Tukey: Multiple comparisons, 1948-1983},
author={Tukey, John Wilder},
volume={8},
year={1994},
publisher={Chapman \& Hall/CRC}
}

@article{benjamini1995controlling,
  title={Controlling the false discovery rate: a practical and powerful approach to multiple testing},
  author={Benjamini, Yoav and Hochberg, Yosef},
  journal={Journal of the Royal Statistical Society. Series B (Methodological)},
  pages={289--300},
  year={1995},
  publisher={JSTOR}
}

@article{gelman2013garden,
  title={The garden of forking paths: Why multiple comparisons can be a problem, 
even when there is no “fishing expedition” or “p-hacking” and the research hypothesis was posited ahead of time},
  author={Gelman, Andrew and Loken, Eric},
  journal={Downloaded January},
  volume={30},
  pages={2014},
  year={2013}
}

@article{benjamini2005false,
  title={False discovery rate--adjusted multiple confidence intervals for selected parameters},
  author={Benjamini, Yoav and Yekutieli, Daniel},
  journal={Journal of the American Statistical Association},
  volume={100},
  number={469},
  pages={71--81},
  year={2005},
  publisher={Taylor \& Francis}
}

@article{berk2013valid,
  title={Valid post-selection inference},
  author={Berk, Richard and Brown, Lawrence and Buja, Andreas and Zhang, Kai and Zhao, Linda},
  journal={The Annals of Statistics},
  volume={41},
  number={2},
  pages={802--837},
  year={2013},
  publisher={Institute of Mathematical Statistics}
}

@article{javanmard2013hypothesis,
  title={Hypothesis testing in high-dimensional regression under the gaussian random design model: Asymptotic theory},
  author={Javanmard, Adel and Montanari, Andrea},
  journal={arXiv preprint arXiv:1301.4240},
  year={2013}
}

@article{ioannidis2005most,
  title={Why most published research findings are false},
  author={Ioannidis, John PA},
  journal={PLoS medicine},
  volume={2},
  number={8},
  pages={e124},
  year={2005},
  publisher={Public Library of Science}
}

@article{weinstein2013selection,
  title={Selection adjusted confidence intervals with more power to determine the sign},
  author={Weinstein, Asaf and Fithian, William and Benjamini, Yoav},
  journal={Journal of the American Statistical Association},
  volume={108},
  number={501},
  pages={165--176},
  year={2013},
  publisher={Taylor \& Francis Group}
}

@article{taylor2013tests,
  title={Tests in adaptive regression via the Kac-Rice formula},
  author={Taylor, Jonathan and Loftus, Joshua and Tibshirani, Ryan and Tibshirani, Rob},
  journal={arXiv preprint arXiv:1308.3020},
  year={2013}
}

@article{lee2013lasso,
  title={Exact inference after model selection via the Lasso},
  author={Lee, Jason D and Sun, Dennis L and Sun, Yuekai and Taylor, Jonathan E},
  journal={arXiv preprint arXiv:1311.6238},
  year={2013}
}

@article{lee2014marginal,
  title={Exact Post Model Selection Inference for Marginal Screening},
  author={Lee, Jason D and Taylor, Jonathan E},
  journal={arXiv preprint arXiv:1402.5596},
  year={2014}
}

@article{loftus2014significance,
  title={A significance test for forward stepwise model selection},
  author={Loftus, Joshua R and Taylor, Jonathan E},
  journal={arXiv preprint arXiv:1405.3920},
  year={2014}
}

@article{lockhart2012significance,
  title={A significance test for the lasso},
  author={Lockhart, Richard and Taylor, Jonathan and Tibshirani, Ryan J and Tibshirani, Robert},
  year={2012}
}

@article{simon2013estimating,
  title={On Estimating Many Means, Selection Bias, and the Bootstrap},
  author={Simon, Noah and Simon, Richard},
  journal={arXiv preprint arXiv:1311.3709},
  year={2013}
}

@article{gsell2013false,
  title={False Discovery Rate Control for Sequential Selection Procedures, with Application to the Lasso},
  author={G'Sell, Max Grazier and Wager, Stefan and Chouldechova, Alexandra and Tibshirani, Robert},
  journal={arXiv preprint arXiv:1309.5352},
  year={2013}
}

@article{brown1986fundamentals,
  title={Fundamentals of statistical exponential families with applications in statistical decision theory},
  author={Brown, Lawrence D},
  journal={Lecture Notes-monograph series},
  pages={i--279},
  year={1986},
  publisher={JSTOR}
}

@article{buhlmann2013statistical,
  title={Statistical significance in high-dimensional linear models},
  author={B{\"u}hlmann, Peter and others},
  journal={Bernoulli},
  volume={19},
  number={4},
  pages={1212--1242},
  year={2013},
  publisher={Bernoulli Society for Mathematical Statistics and Probability}
}

@article{yuan2007model,
  title={Model selection and estimation in the Gaussian graphical model},
  author={Yuan, Ming and Lin, Yi},
  journal={Biometrika},
  volume={94},
  number={1},
  pages={19--35},
  year={2007},
  publisher={Biometrika Trust}
}

@article{friedman2008sparse,
  title={Sparse inverse covariance estimation with the graphical lasso},
  author={Friedman, Jerome and Hastie, Trevor and Tibshirani, Robert},
  journal={Biostatistics},
  volume={9},
  number={3},
  pages={432--441},
  year={2008},
  publisher={Biometrika Trust}
}

%% Exact Conditional Inference

@article{besag1989generalized,
  title={Generalized monte carlo significance tests},
  author={Besag, Julian and Clifford, Peter},
  journal={Biometrika},
  volume={76},
  number={4},
  pages={633--642},
  year={1989},
  publisher={Biometrika Trust}
}

@article{forster1996monte,
  title={Monte Carlo exact conditional tests for log-linear and logistic models},
  author={Forster, Jonathan J and McDonald, John W and Smith, Peter WF},
  journal={Journal of the Royal Statistical Society. Series B (Methodological)},
  pages={445--453},
  year={1996},
  publisher={JSTOR}
}

@article{mehta2000efficient,
  title={Efficient Monte Carlo methods for conditional logistic regression},
  author={Mehta, Cyrus R and Patel, Nitin R and Senchaudhuri, Pralay},
  journal={Journal of The American Statistical Association},
  volume={95},
  number={449},
  pages={99--108},
  year={2000},
  publisher={Taylor \& Francis Group}
}

%% Basic Statistics

@article{lehmann1955completeness,
  title={Completeness, similar regions, and unbiased estimation: Part II},
  author={Lehmann, EL and Scheff{\'e}, Henry},
  journal={Sankhy{\=a}: The Indian Journal of Statistics (1933-1960)},
  volume={15},
  number={3},
  pages={219--236},
  year={1955},
  publisher={JSTOR}
}

@article{matthes1967tests,
  title={Tests of composite hypotheses for the multivariate exponential family},
  author={Matthes, Ted K and Truax, Donald R},
  journal={The Annals of Mathematical Statistics},
  pages={681--697},
  year={1967},
  publisher={JSTOR}
}

@book{van2000asymptotic,
  title={Asymptotic statistics},
  author={Van der Vaart, Aad W},
  volume={3},
  year={2000},
  publisher={Cambridge university press}
}

@book{lehmann2005testing,
  title={Testing statistical hypotheses},
  author={Lehmann, EL and Romano, Joseph P},
  year={2005},
  publisher={New York:. Springer}
}

@book{efron1993introduction,
  title={An introduction to the bootstrap},
  author={Efron, Bradley and Tibshirani, Robert},
  volume={57},
  year={1993},
  publisher={CRC press}
}

% Asymptotic power

@article{janssen2000global,
  title={Global power functions of goodness of fit tests},
  author={Janssen, Arnold},
  journal={Annals of Statistics},
  pages={239--253},
  year={2000},
  publisher={JSTOR}
}

% RKHS

@article{aronszajn1950theory,
  title={Theory of reproducing kernels},
  author={Aronszajn, Nachman},
  journal={Transactions of the American mathematical society},
  pages={337--404},
  year={1950},
  publisher={JSTOR}
}

@article{vapnik1997support,
  title={Support vector method for function approximation, regression estimation, and signal processing},
  author={Vapnik, Vladimir and Golowich, Steven E and Smola, Alex},
  journal={Advances in neural information processing systems},
  pages={281--287},
  year={1997},
  publisher={MORGAN KAUFMANN PUBLISHERS}
}

@article{wahba1999support,
  title={Support vector machines, reproducing kernel Hilbert spaces and the randomized GACV},
  author={Wahba, Grace and others},
  journal={Advances in Kernel Methods-Support Vector Learning},
  volume={6},
  pages={69--87},
  year={1999},
  publisher={Citeseer}
}

@article{fukumizu2004dimensionality,
  title={Dimensionality reduction for supervised learning with reproducing kernel Hilbert spaces},
  author={Fukumizu, Kenji and Bach, Francis R and Jordan, Michael I},
  journal={The Journal of Machine Learning Research},
  volume={5},
  pages={73--99},
  year={2004},
  publisher={JMLR. org}
}